@manual{rfid_handbook,
  author        = "{Klaus Finkenzeller}",
  title         = "{RFID Handbook - Fundamentals and Applications in Contactless Smart Cards and Identification 3rd Edition}",
  year          = "2010"
}

@manual{lascas_rfid,
  author        = "{Yao Ming Kuo, Agustín Grosso, Flavio Galimberti, Juan Tántera, Jorge Mallo, Sebastián Verrastro}",
  title         = "{Analog Front-End Design of Contactless RFID Smart Card ISO/IEC14443A Standard - Compliant}",
  organization  = "2018 IEEE 9th Latin American Symposium on Circuits \& Systems (LASCAS)",
  year          = "2018"
}

@manual{lascas_std,
  author        = "{Yao Ming Kuo, Leandro Arana, Luis Seva, Cristian Marchese, Leandro Tozzi}",
  title         = "{Educational Design Kit for Synopsys Tools with a set of Characterized Standard Cell Library}",
  organization  = "2018 IEEE 9th Latin American Symposium on Circuits \& Systems (LASCAS)",
  year          = "2018"
}

@manual{rfid_interface,
  author        = "{Chao Lu and Yong-ming Li}",
  title         = "{The RF Interface Circuits Design of Contactless IC Cards}",
  year          = "2001"
}

@manual{rfid_modulador,
  author        = "{Dong-sheng Liu and Xue-cheng Zou and Qiu-ping Yang and Ting-wen Xiong}",
  title         = "{An analog front-end circuit for ISO/IEC 15693-compatible RFID transponder IC}",
  year          = "2006"
}

@manual{rfid_rect,
  author        = "{Chi-Huan Lu and Ji-An Li and Tsung-Hsien Lin}",
  title         = "{A 13.56-MHz passive NFC tag IC in 0.18-um CMOS process for biomedical applications}",
  year          = "2016"
}

@manual{rfid_rect1,
  author        = "{Fan Jiang, Donghui Guo and L. L. Cheng}",
  title         = "{Analysis and Design of Power Generator on Passive RFID Transponders}",
  year          = "2008"
}
@manual{rfid_rect2,
  author        = "{Zhu Zheng, Ben Jamali and Peter H. Cole}",
  title         = "{Brief Comparison of Different Rectifier Structures for RFID Transponders}",
}

@manual{RFID_Tuto,
  author        = "{Zhu Zheng, Ben Jamali and Peter H. Cole}",
  title         = "{RFID Analog Front End Design Tutorial}",
  organization  = "Auto-ID Labs",
  year          = "2004"
}

@manual{rfid_ldo,
  author        = "{Robert J. Milliken, Jose Silva-Martínez and Edgar Sánchez-Sinencio}",
  title         = "{Full On-Chip CMOS Low-Dropout Voltage Regulator}",
  year          = "2007"
}

@manual{rfid_demodulador,
  author        = "{Jie Tian and Zhongchen Yu}",
  title         = "{Analog Front End Design of Contactless Smart Card}",
  year          = "2012"
}

@manual{panadero,
  author        = "{Jacob Baker}",
  title         = "{CMOS Circuit Design, Layout, and Simulation, Third Edition}",
  year          = "2010"
}

@manual{rfid_transponder,
  author        = "{Valentin Chesaru and Antonio Pieleanu and Claudius Dan and Mircea Bodea}",
  title         = "{RFID  13.56MHz  TRANSPONDER  IC  FRONTEND}",
  year          = "2010"
}

@manual{mosis,
  author        = "{MOSIS Services}",
  title         = "{https://www.mosis.com/}",
}

@manual{synopsys,
  author        = "{Synopsys}",
  title         = "{https://www.synopsys.com/}",
}

@manual{cmnb,
  author        = "{CMNB - INTI}",
  title         = "{http://www.inti.gob.ar/microynanoelectronica/cmnb.htm}",
}

@manual{nfc_spec,
  title         = "Identification cards - Contactless integrated circuit(s) cards - Proximity cards",
  organization  = "ISO/IEC",
  number        = "14443",
  revision      = "",
  year          = ""
}

@manual{nfc_test,
  title         = "Identification cards - Test methods - Proximity cards",
  organization  = "ISO/IEC",
  number        = "10373",
  revision      = "",
  year          = ""
}

@manual{antena_guide,
  title         = "13.56 MHz RFID systems 
and antennas design guide",
  organization  = "MELEXIS Microelectronic Integrated Systems",
  number        = "",
  revision      = "",
  year          = "2004"
}

@manual{antena_AN710,
  author        = "{Dr. Youbok Lee, Ph.D.}",
  title         = "AN710 Antenna Circuit Design for RFID Applications",
  organization  = "Microchip",
  number        = "",
  revision      = "",
  year          = "2003"
}

@manual{Proyecciones_0417,
  author        = "{Agustín Grosso, Flavio Galimberti, Yao-Ming Kuo, Fernando Aguirre, Sebastián Pazos, Jorge R. Mallo y Sebastián Verrastro}",
  title         = "Desarrollo de un circuito integrado transmisor RFID pasivo",
  organization  = "Universidad Tecnológica Nacional, Facultad Regional Buenos Aires",
  number        = "",
  revision      = "",
  year          = "2016"
}

@manual{Proyecciones_1017,
  author        = "{Agustín Grosso, Flavio Galimberti, Yao-Ming Kuo, Jorge R. Mallo y Sebastián Verrastro}",
  title         = "Desarrollo del front-end de un transceptor RFID pasivo bajo proceso CMOS de 500 nm",
  organization  = "Universidad Tecnológica Nacional, Facultad Regional Buenos Aires",
  number        = "",
  revision      = "",
  year          = "2017"
}

@manual{detect_fallas_500nm,
  author        = "{Sebastián Pazos, Fernando Aguirre, Tomás Mazur, G. Peretti and E. Romero}",
  title         = "Evaluación de la calidad de TRAM en la detección de fallas de fabricación en circuitos integrados analógicos fabricados en tecnología CMOS de 500nm",
  organization  = "Universidad Tecnológica Nacional, Facultad Regional Buenos Aires y Universidad Tecnológica Nacional, Facultad Regional Villa María",
  number        = "",
  revision      = "",
  year          = "2015"
}

@manual{schmitt,
  author        = "{Munish Kumar, Parminder Kaur, Sheenu Thapar}",
  title         = "Design of CMOS Schmitt Trigger",
  organization  = "International Journal of Engineering and Innovative Technology (IJEIT)",
  number        = "",
  revision      = "",
  year          = "2012"
}

@manual{shunt1,
  author        = "{Zheng Zhu}",
  title         = "RFID Analog Front End Design Tutorial",
  number        = "",
  revision      = "0.0",
  year          = "2004"
}

@manual{shunt2,
  author        = "{Napong Panitantu, Aperadee Yordthe In, Watcharakon Noothong, Apisak Worapishet, and Manop Thamsirianunt}",
  title         = "A CMOS RFID transponder",
  organization  = "Thailand IC Design Incubator (TIDI), National Electronics and Computer Technology Center, Thailand",
}
;